<record><leader>00000cas a2200000 a 4500</leader><controlfield tag="001">17017517</controlfield><controlfield tag="008">871123d19211937waudn ne      0    0eng d</controlfield><datafield ind1=" " ind2=" " tag="010"><subfield code="a">sn 87093099 </subfield></datafield><datafield ind1=" " ind2=" " tag="040"><subfield code="a">SLZ</subfield><subfield code="b">eng</subfield><subfield code="c">SLZ</subfield><subfield code="d">NSD</subfield><subfield code="d">OCL</subfield><subfield code="d">OCLCQ</subfield><subfield code="d">OCLCF</subfield><subfield code="d">OCLCO</subfield></datafield><datafield ind1="1" ind2=" " tag="029"><subfield code="a">AU@</subfield><subfield code="b">000025839351</subfield></datafield><datafield ind1=" " ind2=" " tag="042"><subfield code="a">msc</subfield></datafield><datafield ind1=" " ind2=" " tag="043"><subfield code="a">n-us-wa</subfield></datafield><datafield ind1="0" ind2="4" tag="245"><subfield code="a">The Vancouver evening Columbian.</subfield></datafield><datafield ind1=" " ind2=" " tag="260"><subfield code="a">Vancouver, Wash. :</subfield><subfield code="b">H.J. Campbell</subfield></datafield><datafield ind1=" " ind2=" " tag="300"><subfield code="a">v.</subfield></datafield><datafield ind1=" " ind2=" " tag="310"><subfield code="a">Daily (except Sunday)</subfield></datafield><datafield ind1="0" ind2=" " tag="362"><subfield code="a">Vol. 12, no. 203 (June 11, 1921)-v. 28, no. 154 (Apr. 17, 1937).</subfield></datafield><datafield ind1=" " ind2="0" tag="651"><subfield code="a">Vancouver (Wash.)</subfield><subfield code="v">Newspapers.</subfield></datafield><datafield ind1=" " ind2="7" tag="655"><subfield code="a">Newspapers.</subfield><subfield code="2">fast</subfield><subfield code="0">(OCoLC)fst01423814</subfield></datafield><datafield ind1=" " ind2="7" tag="651"><subfield code="a">Washington (State)</subfield><subfield code="z">Vancouver.</subfield><subfield code="2">fast</subfield><subfield code="0">(OCoLC)fst01206123</subfield></datafield><datafield ind1=" " ind2=" " tag="752"><subfield code="a">United States</subfield><subfield code="b">Washington</subfield><subfield code="c">Clark</subfield><subfield code="d">Vancouver.</subfield></datafield><datafield ind1="0" ind2="0" tag="780"><subfield code="t">Evening Columbian</subfield><subfield code="w">(DLC)sn 87093098</subfield></datafield><datafield ind1="0" ind2="0" tag="785"><subfield code="t">Columbian (Vancouver, Wash.)</subfield><subfield code="x">1043-4151</subfield><subfield code="w">(DLC)sn 87093100</subfield><subfield code="w">(OCoLC)15644994</subfield></datafield></record>